@article{vriha2016implementation,
  title={Implementation of the efficient communication layer for the highly parallel total FETI and hybrid total FETI solvers},
  author={{\v{R}}{\'i}ha, Lubom{\'i}r and Brzobohat{\'y}, Tom{\'a}{\v{s}} and Markopoulos, Alexandros and Jaro{\v{s}}ov{\'a}, Marta and Kozubek, Tom{\'a}{\v{s}} and Hor{\'a}k, David and Hapla, V{\'a}clav},
  journal={Parallel Computing},
  year={2016},
  publisher={Elsevier}
}

@inproceedings{jarovsova2012hybrid,
  title={Hybrid Total FETI method},
  author={Jaro{\v{s}}ov{\'a}, M and Kozubek, T and Men{\v{s}}{\'i}k, M and Markopoulos, A},
  year={2012},
  organization={ECCOMAS}
}

@article{dostal2006total,
  title={Total FETIâ€”an easier implementable variant of the FETI method for numerical solution of elliptic PDE},
  author={Dost{\'a}l, Zden{\v{e}}k and Hor{\'a}k, David and Ku{\v{c}}era, Radek},
  journal={Communications in Numerical Methods in Engineering},
  volume={22},
  number={12},
  pages={1155--1162},
  year={2006},
  publisher={Wiley Online Library}
}

@inproceedings{molka2015cache,
  title={Cache coherence protocol and memory performance of the intel haswell-ep architecture},
  author={Molka, Daniel and Hackenberg, Daniel and Sch{\"o}ne, Robert and Nagel, Wolfgang E},
  booktitle={Parallel Processing (ICPP), 2015 44th International Conference on},
  pages={739--748},
  year={2015},
  organization={IEEE}
}
