@article{directSolversComparison,
  title={A numerical evaluation of sparse direct solvers for the solution of large sparse symmetric linear systems of equations},
  author={Gould, Nicholas IM and Scott, Jennifer A and Hu, Yifan},
  journal={ACM Transactions on Mathematical Software (TOMS)},
  volume={33},
  number={2},
  pages={10},
  year={2007},
  publisher={ACM}
}
