% This file was created with JabRef 2.10.
% Encoding: UTF-8


@Misc{mpiScan,
  Title                    = {MPI\_Scan},
  Url             		   = {https://www.mpich.org/static/docs/v3.1/www3/MPI_Scan.html},
  Urldate				   = {2017-04-11},

  Timestamp                = {2017.04.11}
}

