@article{karypis1995metis,
  title={METIS--unstructured graph partitioning and sparse matrix ordering system, version 2.0},
  author={Karypis, George and Kumar, Vipin},
  year={1995}
}
