% This file was created with JabRef 2.10.
% Encoding: UTF-8


@InProceedings{readexTFETI2016,
  Title                    = {Energy consumption optimization of the Total-FETI solver by changing the CPU frequency},
  Author                   = {Hor\'{a}k, D. and \v{R}\'{i}ha, L. and Sojka, R. and Kru\v{z}\'{i}k,J. and Beseda M. and Cermak, M. and Schuchart, J.},
  Booktitle                = {International Conference on High Performance Computing \& Simulation (HPCS), Innsbruck, Austria},
  Year                     = {2016}
}

@InProceedings{readexPoster2016,
  Title                    = {Energy Consumption Optimization of the Total-FETI Solver and BLAS Routines by Changing the CPU Frequency},
  Author                   = {Hor\'{a}k, D. and \v{R}\'{i}ha, L. and Sojka, R. and Kru\v{z}\'{i}k, J. and Beseda, M.},
  Booktitle                = {International Conference on High Performance Computing \& Simulation (HPCS), Innsbruck, Austria},
  Year                     = {2016}
}

@InProceedings{rapl,
  Title                    = {RAPL: memory power estimation and capping},
  Author                   = {David, Howard and Gorbatov, Eugene and Hanebutte, Ulf R and Khanna, Rahul and Le, Christian},
  Booktitle                = {Low-Power Electronics and Design (ISLPED), 2010 ACM/IEEE International Symposium on},
  Year                     = {2010},
  Organization             = {IEEE},
  Pages                    = {189--194}
}

@InProceedings{hdeem,
  Title                    = {HDEEM: high definition energy efficiency monitoring},
  Author                   = {Hackenberg, Daniel and Ilsche, Thomas and Schuchart, Joseph and Sch{\"o}ne, Robert and Nagel, Wolfgang E and Simon, Marc and Georgiou, Yiannis},
  Booktitle                = {Proceedings of the 2nd International Workshop on Energy Efficient Supercomputing},
  Year                     = {2014},
  Organization             = {IEEE Press},
  Pages                    = {1--10}
}

@InProceedings{horak2016energy,
  Title                    = {Energy consumption optimization of the Total-FETI solver and BLAS routines by changing the CPU frequency},
  Author                   = {Horak, David and Riha, Lubomir and Sojka, Radim and Kruzik, Jakub and Beseda, Martin},
  Booktitle                = {High Performance Computing \& Simulation (HPCS), 2016 International Conference on},
  Year                     = {2016},
  Organization             = {IEEE},
  Pages                    = {1031--1032},

  Doi                      = {10.1109/HPCSim.2016.7568453}
}

@InProceedings{readexBLAS2016,
  Title                    = {The energy consumption optimization of the BLAS routines},
  Author                   = {Sojka, R. and \v{R}\'{i}ha, L. and Hor\'{a}k, D. and Kru\v{z}\'{i}k, J. and Beseda, M. and Cermak, M.},
  Booktitle                = {Proceedings from ICNAAM conference, Rhodos, Greece},
  Year                     = {2016}
}

@Article{schuchart2017readex,
  Title                    = {The READEX formalism for automatic tuning for energy efficiency},
  Author                   = {Schuchart, Joseph and Gerndt, Michael and Kjeldsberg, Per Gunnar and Lysaght, Michael and Hor{\'a}k, David and {\v{R}}{\'\i}ha, Lubom{\'\i}r and Gocht, Andreas and Sourouri, Mohammed and Kumaraswamy, Madhura and Chowdhury, Anamika and others},
  Journal                  = {Computing},
  Year                     = {2017},
  Pages                    = {1--19},

  Publisher                = {Springer}
}

@InProceedings{readexWhitepaper2017,
  Title                    = {Investigating and Exploiting Application Dynamism For Energy-Efficient Exascale Computing},
  Author                   = {Kannan, V. and \v{R}\'{i}ha, L. and Gerndt, M. and Chowdhury, A. and Vysock\'{y}, O. and Beseda, M. and Hor\'{a}k, D. and Sojka, R. and Kru\v{z}\'{i}k, J. and Lysaght, M.},
  Booktitle                = {PRACE-4IP Whitepaper},
  Year                     = {2017}
}

